<?xml version="1.0" encoding="UTF-8"?>
<OAI-PMH xmlns="http://www.openarchives.org/OAI/2.0/" xmlns:xsi="http://www.w3.org/2001/XMLSchema-instance" xsi:schemaLocation="http://www.openarchives.org/OAI/2.0/ http://www.openarchives.org/OAI/2.0/OAI-PMH.xsd">
<ListRecords>
<record>
<header status="updated">
<identifier>urm_publish:71298482040002121</identifier>
</header>
<metadata>
<record xmlns="http://www.loc.gov/MARC21/slim" xmlns:xsi="http://www.w3.org/2001/XMLSchema-instance" xsi:schemaLocation="http://www.loc.gov/MARC21/slim http://www.loc.gov/standards/marcxml/schema/MARC21slim.xsd" ><leader>01024mam a2200313 a 4500</leader><controlfield tag="005">20120326103854.0</controlfield><controlfield tag="008">910205t19911991pau      b   s001 0 eng  </controlfield><controlfield tag="001">999670767702121</controlfield><datafield tag="010" ind1=" " ind2=" "><subfield code="a">   91008476 </subfield></datafield><datafield tag="020" ind1=" " ind2=" "><subfield code="a">027100780X (alk. paper)</subfield></datafield><datafield tag="035" ind1=" " ind2=" "><subfield code="a">(OCoLC)23179856</subfield></datafield><datafield tag="035" ind1=" " ind2=" "><subfield code="9">APF9761UW</subfield></datafield><datafield tag="035" ind1=" " ind2=" "><subfield code="a">(WU)2256068-uwmadisondb</subfield></datafield><datafield tag="040" ind1=" " ind2=" "><subfield code="a">DLC</subfield><subfield code="b">eng</subfield><subfield code="c">DLC</subfield></datafield><datafield tag="049" ind1=" " ind2=" "><subfield code="a">GZMA</subfield></datafield><datafield tag="050" ind1="0" ind2="0"><subfield code="a">PN3448.A3</subfield><subfield code="b">G73 1991</subfield></datafield><datafield tag="082" ind1="0" ind2="0"><subfield code="a">809.3/87</subfield><subfield code="2">20</subfield></datafield><datafield tag="100" ind1="1" ind2=" "><subfield code="a">Green, Martin,</subfield><subfield code="d">1927-2010.</subfield><subfield code="2">LCNAMES</subfield><subfield code="0">41-LIBRARY_OF_CONGRESS-n  79043959</subfield><subfield code="9">Y</subfield></datafield><datafield tag="245" ind1="1" ind2="0"><subfield code="a">Seven types of adventure tale :</subfield><subfield code="b">an etiology of a major genre /</subfield><subfield code="c">Martin Green.</subfield></datafield><datafield tag="264" ind1=" " ind2="1"><subfield code="a">University Park, Pa. :</subfield><subfield code="b">Pennsylvania State University Press,</subfield><subfield code="c">[1991]</subfield></datafield><datafield tag="264" ind1=" " ind2="4"><subfield code="c">©1991</subfield></datafield><datafield tag="300" ind1=" " ind2=" "><subfield code="a">244 pages ;</subfield><subfield code="c">24 cm</subfield></datafield><datafield tag="336" ind1=" " ind2=" "><subfield code="a">text</subfield><subfield code="b">txt</subfield><subfield code="2">rdacontent</subfield></datafield><datafield tag="337" ind1=" " ind2=" "><subfield code="a">unmediated</subfield><subfield code="b">n</subfield><subfield code="2">rdamedia</subfield></datafield><datafield tag="338" ind1=" " ind2=" "><subfield code="a">volume</subfield><subfield code="b">nc</subfield><subfield code="2">rdacarrier</subfield></datafield><datafield tag="504" ind1=" " ind2=" "><subfield code="a">Includes bibliographical references (pages [219]-222) and index.</subfield></datafield><datafield tag="650" ind1=" " ind2="0"><subfield code="a">Adventure stories</subfield><subfield code="x">History and criticism</subfield><subfield code="x">Theory, etc.</subfield><subfield code="2">LCSH</subfield><subfield code="0">41-LIBRARY_OF_CONGRESS-sh 85001072</subfield><subfield code="9">Y</subfield></datafield><datafield tag="650" ind1=" " ind2="0"><subfield code="a">Literary form.</subfield><subfield code="2">LCSH</subfield><subfield code="0">41-LIBRARY_OF_CONGRESS-sh 85077490</subfield><subfield code="9">Y</subfield></datafield><datafield tag="997" ind1=" " ind2=" "><subfield code="a">MARCIVE</subfield></datafield><datafield tag="650" ind1=" " ind2="0"><subfield code="a">Form, Literary</subfield><subfield code="2">LCSH</subfield><subfield code="0">41-LIBRARY_OF_CONGRESS-sh 85077490</subfield><subfield code="9">N</subfield></datafield><datafield tag="650" ind1=" " ind2="0"><subfield code="a">Forms, Literary</subfield><subfield code="2">LCSH</subfield><subfield code="0">41-LIBRARY_OF_CONGRESS-sh 85077490</subfield><subfield code="9">N</subfield></datafield><datafield tag="650" ind1=" " ind2="0"><subfield code="a">Forms of literature</subfield><subfield code="2">LCSH</subfield><subfield code="0">41-LIBRARY_OF_CONGRESS-sh 85077490</subfield><subfield code="9">N</subfield></datafield><datafield tag="650" ind1=" " ind2="0"><subfield code="a">Genre (Literature)</subfield><subfield code="2">LCSH</subfield><subfield code="0">41-LIBRARY_OF_CONGRESS-sh 85077490</subfield><subfield code="9">N</subfield></datafield><datafield tag="650" ind1=" " ind2="0"><subfield code="a">Genre, Literary</subfield><subfield code="2">LCSH</subfield><subfield code="0">41-LIBRARY_OF_CONGRESS-sh 85077490</subfield><subfield code="9">N</subfield></datafield><datafield tag="650" ind1=" " ind2="0"><subfield code="a">Genres, Literary</subfield><subfield code="2">LCSH</subfield><subfield code="0">41-LIBRARY_OF_CONGRESS-sh 85077490</subfield><subfield code="9">N</subfield></datafield><datafield tag="650" ind1=" " ind2="0"><subfield code="a">Genres of literature</subfield><subfield code="2">LCSH</subfield><subfield code="0">41-LIBRARY_OF_CONGRESS-sh 85077490</subfield><subfield code="9">N</subfield></datafield><datafield tag="650" ind1=" " ind2="0"><subfield code="a">Literary forms</subfield><subfield code="2">LCSH</subfield><subfield code="0">41-LIBRARY_OF_CONGRESS-sh 85077490</subfield><subfield code="9">N</subfield></datafield><datafield tag="650" ind1=" " ind2="0"><subfield code="a">Literary genetics</subfield><subfield code="2">LCSH</subfield><subfield code="0">41-LIBRARY_OF_CONGRESS-sh 85077490</subfield><subfield code="9">N</subfield></datafield><datafield tag="650" ind1=" " ind2="0"><subfield code="a">Literary genres</subfield><subfield code="2">LCSH</subfield><subfield code="0">41-LIBRARY_OF_CONGRESS-sh 85077490</subfield><subfield code="9">N</subfield></datafield><datafield tag="650" ind1=" " ind2="0"><subfield code="a">Literary types (Genres)</subfield><subfield code="2">LCSH</subfield><subfield code="0">41-LIBRARY_OF_CONGRESS-sh 85077490</subfield><subfield code="9">N</subfield></datafield><datafield tag="650" ind1=" " ind2="0"><subfield code="w">g</subfield><subfield code="a">Literature</subfield><subfield code="2">LCSH</subfield><subfield code="0">41-LIBRARY_OF_CONGRESS-sh 85077490</subfield><subfield code="9">R</subfield></datafield><datafield tag="650" ind1=" " ind2="0"><subfield code="a">Adventure and adventurers</subfield><subfield code="v">Fiction</subfield><subfield code="2">LCSH</subfield><subfield code="0">41-LIBRARY_OF_CONGRESS-sh 85001072</subfield><subfield code="9">N</subfield></datafield><datafield tag="650" ind1=" " ind2="0"><subfield code="a">Adventure and adventurers</subfield><subfield code="v">Juvenile fiction</subfield><subfield code="2">LCSH</subfield><subfield code="0">41-LIBRARY_OF_CONGRESS-sh 85001072</subfield><subfield code="9">N</subfield></datafield><datafield tag="650" ind1=" " ind2="0"><subfield code="a">Adventure fiction</subfield><subfield code="2">LCSH</subfield><subfield code="0">41-LIBRARY_OF_CONGRESS-sh 85001072</subfield><subfield code="9">N</subfield></datafield><datafield tag="650" ind1=" " ind2="0"><subfield code="a">Adventure novels</subfield><subfield code="2">LCSH</subfield><subfield code="0">41-LIBRARY_OF_CONGRESS-sh 85001072</subfield><subfield code="9">N</subfield></datafield><datafield tag="650" ind1=" " ind2="0"><subfield code="w">g</subfield><subfield code="a">Fiction</subfield><subfield code="2">LCSH</subfield><subfield code="0">41-LIBRARY_OF_CONGRESS-sh 85001072</subfield><subfield code="9">R</subfield></datafield><datafield tag="INST" ind1=" " ind2=" "><subfield code="a">01UWI_NETWORK</subfield><subfield code="b">P</subfield><subfield code="c">71298482040002121</subfield></datafield><datafield tag="INST" ind1=" " ind2=" "><subfield code="a">01UWI_LC</subfield><subfield code="b">P</subfield><subfield code="c">2198075710002125</subfield></datafield><datafield tag="INST" ind1=" " ind2=" "><subfield code="a">01UWI_MAD</subfield><subfield code="b">P</subfield><subfield code="c">21552887240002122</subfield></datafield><datafield tag="INST" ind1=" " ind2=" "><subfield code="a">01UWI_ML</subfield><subfield code="b">P</subfield><subfield code="c">21214745120002124</subfield></datafield><datafield tag="INST" ind1=" " ind2=" "><subfield code="a">01UWI_OSH</subfield><subfield code="b">P</subfield><subfield code="c">2173567160002126</subfield></datafield><datafield tag="AVA" ind1=" " ind2=" "><subfield code="0">992376073402125</subfield><subfield code="8">2298075700002125</subfield><subfield code="a">01UWI_LC</subfield><subfield code="b">LAXMUR</subfield><subfield code="c">2nd Floor Stacks</subfield><subfield code="d">PN3448.A3 G73 1991</subfield><subfield code="e">available</subfield><subfield code="f">1</subfield><subfield code="g">0</subfield><subfield code="j">stax</subfield><subfield code="k">0</subfield><subfield code="p">1</subfield><subfield code="q">UW La Crosse Murphy Library</subfield></datafield><datafield tag="AVA" ind1=" " ind2=" "><subfield code="0">9922560683602122</subfield><subfield code="8">22552887230002122</subfield><subfield code="a">01UWI_MAD</subfield><subfield code="b">MEMORIAL</subfield><subfield code="c">Stacks Regular Size Shelving</subfield><subfield code="d">PN3448 A3 G73 1991</subfield><subfield code="e">unavailable</subfield><subfield code="f">1</subfield><subfield code="g">1</subfield><subfield code="j">stk</subfield><subfield code="k">0</subfield><subfield code="p">1</subfield><subfield code="q">Memorial Library</subfield></datafield><datafield tag="AVA" ind1=" " ind2=" "><subfield code="0">998063203402124</subfield><subfield code="8">22214745110002124</subfield><subfield code="a">01UWI_ML</subfield><subfield code="b">MIL</subfield><subfield code="c">Stacks</subfield><subfield code="d">PN3448.A3 G73 1991</subfield><subfield code="e">unavailable</subfield><subfield code="f">1</subfield><subfield code="g">1</subfield><subfield code="j">stk</subfield><subfield code="k">0</subfield><subfield code="p">1</subfield><subfield code="q">UW Milwaukee</subfield></datafield><datafield tag="AVA" ind1=" " ind2=" "><subfield code="0">993273363502126</subfield><subfield code="8">2273567150002126</subfield><subfield code="a">01UWI_OSH</subfield><subfield code="b">OSH</subfield><subfield code="c">Books (A-E 2nd South, F-PN 2nd North, PQ-Z 3rd North)</subfield><subfield code="d">PN3448.A3 G73 1991</subfield><subfield code="e">available</subfield><subfield code="f">1</subfield><subfield code="g">0</subfield><subfield code="j">main</subfield><subfield code="k">0</subfield><subfield code="p">1</subfield><subfield code="q">Polk Library</subfield></datafield><datafield tag="MMS" ind1=" " ind2=" "><subfield code="b">999670767702121</subfield><subfield code="a">01UWI_NETWORK</subfield></datafield><datafield tag="MMS" ind1=" " ind2=" "><subfield code="b">992376073402125</subfield><subfield code="a">01UWI_LC</subfield></datafield><datafield tag="MMS" ind1=" " ind2=" "><subfield code="b">9922560683602122</subfield><subfield code="a">01UWI_MAD</subfield></datafield><datafield tag="MMS" ind1=" " ind2=" "><subfield code="b">998063203402124</subfield><subfield code="a">01UWI_ML</subfield></datafield><datafield tag="MMS" ind1=" " ind2=" "><subfield code="b">993273363502126</subfield><subfield code="a">01UWI_OSH</subfield></datafield><datafield tag="BBB" ind1="0" ind2="0"><subfield code="x">ybp app heng inv 11/06/91</subfield><subfield code="8">22552887230002122</subfield><subfield code="A">01UWI_MAD</subfield></datafield></record>
</metadata>
</record>
</ListRecords>
</OAI-PMH>